<?xml version="1.0" encoding="UTF-8"?><record xmlns="http://www.loc.gov/MARC21/slim" xmlns:cinclude="http://apache.org/cocoon/include/1.0" xmlns:zs="http://www.loc.gov/zing/srw/">
  <leader>01056nz  a2200157n  4500</leader>
  <controlfield tag="001">no2010112152</controlfield>
  <controlfield tag="003">DLC</controlfield>
  <controlfield tag="005">20100715075433.0</controlfield>
  <controlfield tag="008">100713n| acannaabn          |a ana     c</controlfield>
  <datafield tag="010" ind1=" " ind2=" ">
    <subfield code="a">no2010112152</subfield>
  </datafield>
  <datafield tag="035" ind1=" " ind2=" ">
    <subfield code="a">(OCoLC)oca08555891</subfield>
  </datafield>
  <datafield tag="040" ind1=" " ind2=" ">
    <subfield code="a">PCarlMH</subfield>
    <subfield code="b">eng</subfield>
    <subfield code="c">PCarlMH</subfield>
  </datafield>
  <datafield tag="110" ind1="2" ind2=" ">
    <subfield code="a">European Advisory Commission</subfield>
  </datafield>
  <datafield tag="410" ind1="2" ind2=" ">
    <subfield code="a">EAC</subfield>
  </datafield>
  <datafield tag="670" ind1=" " ind2=" ">
    <subfield code="a">The Allied creation of the postwar status of Berlin, 1970</subfield>
    <subfield code="b">p. 18 (European Advisory Commission)</subfield>
  </datafield>
  <datafield tag="670" ind1=" " ind2=" ">
    <subfield code="a">National Archives website, May 18, 2010:</subfield>
    <subfield code="b">Records of U.S. Occupation Headquarters, World War II page (European Advisory Commission (EAC); established by a secret protocol signed by the U.S., United Kingdom, and USSR representatives at the Tripartite Conference in Moscow, Nov. 1, 1943 with responsibility for making recommendations to the three Allied governments on questions concerning the surrender terms for, and postwar administration of, Germany and Austria, and the armistice terms for Bulgaria; abolished Sept. 10, 1945 pursuant to Section 1 of the Protocol of the Proceedings of the Potsdam Conference)</subfield>
  </datafield>
</record>